<?xml version="1.0" encoding="UTF-8"?>
<collection xmlns:xsi="http://www.w3.org/2001/XMLSchema-instance" xsi:schemaLocation="http://www.loc.gov/MARC21/slim http://www.loc.gov/standards/marcxml/schema/MARC21slim.xsd" xmlns="http://www.loc.gov/MARC21/slim">
<record>
  <leader>00996cam a22002291  4500</leader>
  <controlfield tag="001">2958556</controlfield>
  <controlfield tag="003">NNC</controlfield>
  <controlfield tag="005">20130426002703.0</controlfield>
  <controlfield tag="008">010213s194u    ua            000 0 ara d</controlfield>
  <datafield tag="035" ind1=" " ind2=" ">
    <subfield code="a">(OCoLC)ocm45898546</subfield>
  </datafield>
  <datafield tag="035" ind1=" " ind2=" ">
    <subfield code="9">ASK3679CU</subfield>
  </datafield>
  <datafield tag="035" ind1=" " ind2=" ">
    <subfield code="a">(NNC)2958556</subfield>
  </datafield>
  <datafield tag="040" ind1=" " ind2=" ">
    <subfield code="a">ZCU</subfield>
    <subfield code="c">ZCU</subfield>
  </datafield>
  <datafield tag="090" ind1=" " ind2=" ">
    <subfield code="a">BP153</subfield>
    <subfield code="b">.S3</subfield>
  </datafield>
  <datafield tag="100" ind1="1" ind2=" ">
    <subfield code="a">Fīrūzābādī al-Shīrāzī, Abū Isḥāq Ibrāhīm ibn ʻAlī ibn Yūsuf,</subfield>
    <subfield code="d">approximately 1003-1083.</subfield>
  </datafield>
  <datafield tag="245" ind1="1" ind2="3">
    <subfield code="a">al-Muhadhdhab fī fiqh al-Imām al-Shāfiʻī,</subfield>
    <subfield code="c">taʾlīf Abī Isạ̄q Ibrāhīm ibn ʻAlī ibn Yūsuf al-Fīrūzābādhī al-Shīrāzī.  Waqad wuḍi ʻbiʹasfal al-ṣafḥah: al-Naz̧m al-mustaʻdhab fī sharḥ gharīb al-Muhadhdhab, li Muḥammad ibn Aḥmad ibn Baṭṭāl.</subfield>
  </datafield>
  <datafield tag="246" ind1="3" ind2="0">
    <subfield code="a">Naẓm al-mustaʻdhab fī sharh gharīb al-Muhadhdhab</subfield>
  </datafield>
  <datafield tag="260" ind1=" " ind2=" ">
    <subfield code="a">Miṣr,</subfield>
    <subfield code="b">ʻĪsā al-Bābī al-Ḥalabī</subfield>
    <subfield code="c">[194-?]</subfield>
  </datafield>
  <datafield tag="300" ind1=" " ind2=" ">
    <subfield code="a">2 v.</subfield>
  </datafield>
  <datafield tag="650" ind1=" " ind2="0">
    <subfield code="a">Shfiites.</subfield>
  </datafield>
  <datafield tag="650" ind1=" " ind2="0">
    <subfield code="a">Islamic law</subfield>
    <subfield code="x">Shafiite.</subfield>
  </datafield>
  <datafield tag="955" ind1=" " ind2=" ">
    <subfield code="b">0036759031</subfield>
    <subfield code="d">glx</subfield>
    <subfield code="e">BP153 .S3</subfield>
    <subfield code="v">v.1</subfield>
  </datafield>
</record>
</collection>